@online{munroe2014Automation,
  url = {https://xkcd.com/1319/},
	date = {2014-01-20},
	year = {2014},
	title = {Automation},
	author = {Munroe, Randall}
}

@online{munroe2012Approximation,
  url = {https://xkcd.com/1047/},
	date = {2012-04-25},
	year = {2012},
	title = {Approximation},
	author = {Munroe, Randall}
}

@article{ayoola2015Camera,
  journal = {Sensors},
  pages = {23847--23867},
  volume = {15},
  publisher = {MDPI AG},
  number = {9},
  year = {2015},
  title = {Camera on Vessel: A Camera-Based System to Measure Change in Water Volume in a Drinking Glass},
  issn = {14248220},
  language = {eng},
  address = {Basel},
  author = {Ayoola, Idowu and Chen, Wei and Feijs, Loe},
  url = {http://search.proquest.com/docview/1721944158/},
}
